@article{FNI-RL,
  author   = {He, Xiangkun and Wu, Jingda and Huang, Zhiyu and Hu, Zhongxu and Wang, Jun and Sangiovanni-Vincentelli, Alberto and Lv, Chen},
  doi      = {10.1109/TPAMI.2023.3322426},
  journal  = {IEEE Transactions on Pattern Analysis and Machine Intelligence},
  keywords = {Safety;Autonomous vehicles;Brain modeling;Brain;Reinforcement learning;Uncertainty;Decision making;Trustworthy artificial intelligence;reinforcement learning;safe decision making;autonomous driving},
  number   = {1},
  pages    = {267-279},
  title    = {Fear-Neuro-Inspired Reinforcement Learning for Safe Autonomous Driving},
  volume   = {46},
  year     = {2024}
}
@inproceedings{WaymoMotion,
  author    = {Ettinger, Scott and Cheng, Shuyang and Caine, Benjamin and Liu, Chenxi and Zhao, Hang and Pradhan, Sabeek and Chai, Yuning and Sapp, Ben and Qi, Charles R. and Zhou, Yin and Yang, Zoey and Chouard, Aur'elien and Sun, Pei and Ngiam, Jiquan and Vasudevan, Vijay and McCauley, Alexander and Shlens, Jonathon and Anguelov, Dragomir},
  title     = {Large Scale Interactive Motion Forecasting for Autonomous Driving: The Waymo Open Motion Dataset},
  booktitle = {Proceedings of the IEEE/CVF International Conference on Computer Vision (ICCV)},
  month     = {October},
  year      = {2021},
  pages     = {9710-9719}
}
@inproceedings{CommonRoad,
  author    = {Althoff, Matthias and Koschi, Markus and Manzinger, Stefanie},
  booktitle = {2017 IEEE Intelligent Vehicles Symposium (IV)},
  title     = {CommonRoad: Composable benchmarks for motion planning on roads},
  year      = {2017},
  volume    = {},
  number    = {},
  pages     = {719-726},
  keywords  = {Benchmark testing;Planning;Mathematical model;Cost function;Libraries;Vehicle dynamics;Roads},
  doi       = {10.1109/IVS.2017.7995802}
}
@article{naturecrash,
  author    = {Sinha, Amolika and Chand, Sai and Vu, Vincent and Chen, Huang and Dixit, Vinayak},
  journal   = {Scientific data},
  number    = {1},
  pages     = {298},
  publisher = {Nature Publishing Group UK London},
  title     = {Crash and disengagement data of autonomous vehicles on public roads in California},
  volume    = {8},
  year      = {2021}
}

@article{nordhoff2024conceptual,
  author    = {Nordhoff, S},
  journal   = {Scientific Reports},
  number    = {1},
  pages     = {8654},
  publisher = {Nature Publishing Group UK London},
  title     = {A conceptual framework for automation disengagements},
  volume    = {14},
  year      = {2024}
}

@article{rlreview,
  author   = {Aradi, Szil√°rd},
  doi      = {10.1109/TITS.2020.3024655},
  journal  = {IEEE Transactions on Intelligent Transportation Systems},
  keywords = {Planning;Autonomous vehicles;Learning (artificial intelligence);Machine learning;Trajectory;Computational modeling;Neural networks;Machine learning;motion planning;autonomous vehicles;artificial intelligence;reinforcement learning},
  number   = {2},
  pages    = {740-759},
  title    = {Survey of Deep Reinforcement Learning for Motion Planning of Autonomous Vehicles},
  volume   = {23},
  year     = {2022}
}

@inproceedings{safedreamer,
  author    = {Weidong Huang and Jiaming Ji and Chunhe Xia and Borong Zhang and Yaodong Yang},
  booktitle = {The Twelfth International Conference on Learning Representations},
  title     = {SafeDreamer: Safe Reinforcement Learning with World Models},
  url       = {https://openreview.net/forum?id=tsE5HLYtYg},
  year      = {2024}
}

@article{naturego,
  author    = {Silver, David and Huang, Aja and Maddison, Chris J and Guez, Arthur and Sifre, Laurent and Van Den Driessche, George and Schrittwieser, Julian and Antonoglou, Ioannis and Panneershelvam, Veda and Lanctot, Marc and others},
  journal   = {nature},
  number    = {7587},
  pages     = {484--489},
  publisher = {Nature Publishing Group},
  title     = {Mastering the game of Go with deep neural networks and tree search},
  volume    = {529},
  year      = {2016}
}

@article{vinyals2019grandmaster,
  author    = {Vinyals, Oriol and Babuschkin, Igor and Czarnecki, Wojciech M and Mathieu, Micha{\"e}l and Dudzik, Andrew and Chung, Junyoung and Choi, David H and Powell, Richard and Ewalds, Timo and Georgiev, Petko and others},
  journal   = {nature},
  number    = {7782},
  pages     = {350--354},
  publisher = {Nature Publishing Group},
  title     = {Grandmaster level in StarCraft II using multi-agent reinforcement learning},
  volume    = {575},
  year      = {2019}
}

@article{natureatari,
  author    = {Schrittwieser, Julian and Antonoglou, Ioannis and Hubert, Thomas and Simonyan, Karen and Sifre, Laurent and Schmitt, Simon and Guez, Arthur and Lockhart, Edward and Hassabis, Demis and Graepel, Thore and others},
  journal   = {Nature},
  number    = {7839},
  pages     = {604--609},
  publisher = {Nature Publishing Group},
  title     = {Mastering atari, go, chess and shogi by planning with a learned model},
  volume    = {588},
  year      = {2020}
}

@article{sumoclibration,
  author   = {Schrader, Maxwell and Bittle, Joshua},
  doi      = {10.1109/TITS.2024.3372334},
  journal  = {IEEE Transactions on Intelligent Transportation Systems},
  keywords = {Uncertainty;Calibration;Traffic control;Vehicles;Sensitivity analysis;Optimization;Aggregates;Microscopic traffic simulation;microsimulation energy analysis;urban vehicular emissions;network emission modeling;traffic signal optimization;Sobal sensitivity analysis},
  number   = {9},
  pages    = {11739-11752},
  title    = {A Global Sensitivity Analysis of Traffic Microsimulation Input Parameters on Performance Metrics},
  volume   = {25},
  year     = {2024}
}

@article{dreamerv3,
  author  = {Hafner, Danijar and Pasukonis, Jurgis and Ba, Jimmy and Lillicrap, Timothy},
  journal = {ArXiv preprint},
  title   = {Mastering diverse domains through world models},
  url     = {https://arxiv.org/abs/2301.04104},
  volume  = {abs/2301.04104},
  year    = {2023}
}

@article{IDM,
  author    = {Treiber, Martin and Hennecke, Ansgar and Helbing, Dirk},
  journal   = {Physical review E},
  number    = {2},
  pages     = {1805},
  publisher = {APS},
  title     = {Congested traffic states in empirical observations and microscopic simulations},
  volume    = {62},
  year      = {2000}
}

@article{PPO,
  author  = {Schulman, John and Wolski, Filip and Dhariwal, Prafulla and Radford, Alec and Klimov, Oleg},
  journal = {ArXiv preprint},
  title   = {Proximal policy optimization algorithms},
  url     = {https://arxiv.org/abs/1707.06347},
  volume  = {abs/1707.06347},
  year    = {2017}
}

@inproceedings{SAC,
  author    = {Tuomas Haarnoja and
               Aurick Zhou and
               Pieter Abbeel and
               Sergey Levine},
  bibsource = {dblp computer science bibliography, https://dblp.org},
  biburl    = {https://dblp.org/rec/conf/icml/HaarnojaZAL18.bib},
  booktitle = {Proceedings of the 35th International Conference on Machine Learning,
               {ICML} 2018, Stockholmsm{\"{a}}ssan, Stockholm, Sweden, July 10-15,
               2018},
  editor    = {Jennifer G. Dy and
               Andreas Krause},
  pages     = {1856--1865},
  publisher = {{PMLR}},
  series    = {Proceedings of Machine Learning Research},
  timestamp = {Wed, 03 Apr 2019 01:00:00 +0200},
  title     = {Soft Actor-Critic: Off-Policy Maximum Entropy Deep Reinforcement Learning
               with a Stochastic Actor},
  url       = {http://proceedings.mlr.press/v80/haarnoja18b.html},
  volume    = {80},
  year      = {2018}
}

@inproceedings{CPO,
  author    = {Joshua Achiam and
               David Held and
               Aviv Tamar and
               Pieter Abbeel},
  bibsource = {dblp computer science bibliography, https://dblp.org},
  biburl    = {https://dblp.org/rec/conf/icml/AchiamHTA17.bib},
  booktitle = {Proceedings of the 34th International Conference on Machine Learning,
               {ICML} 2017, Sydney, NSW, Australia, 6-11 August 2017},
  editor    = {Doina Precup and
               Yee Whye Teh},
  pages     = {22--31},
  publisher = {{PMLR}},
  series    = {Proceedings of Machine Learning Research},
  timestamp = {Wed, 03 Apr 2019 01:00:00 +0200},
  title     = {Constrained Policy Optimization},
  url       = {http://proceedings.mlr.press/v70/achiam17a.html},
  volume    = {70},
  year      = {2017}
}

@book{CMDP,
  author    = {Altman, Eitan},
  publisher = {Routledge},
  title     = {Constrained Markov decision processes},
  year      = {2021}
}

@article{EZ,
  author  = {Ye, Weirui and Liu, Shaohuai and Kurutach, Thanard and Abbeel, Pieter and Gao, Yang},
  journal = {Advances in neural information processing systems},
  pages   = {25476--25488},
  title   = {Mastering atari games with limited data},
  volume  = {34},
  year    = {2021}
}

@inproceedings{SACPID,
  author    = {Adam Stooke and
               Joshua Achiam and
               Pieter Abbeel},
  bibsource = {dblp computer science bibliography, https://dblp.org},
  biburl    = {https://dblp.org/rec/conf/icml/StookeAA20.bib},
  booktitle = {Proceedings of the 37th International Conference on Machine Learning,
               {ICML} 2020, 13-18 July 2020, Virtual Event},
  pages     = {9133--9143},
  publisher = {{PMLR}},
  series    = {Proceedings of Machine Learning Research},
  timestamp = {Tue, 15 Dec 2020 00:00:00 +0100},
  title     = {Responsive Safety in Reinforcement Learning by {PID} Lagrangian Methods},
  url       = {http://proceedings.mlr.press/v119/stooke20a.html},
  volume    = {119},
  year      = {2020}
}

@inproceedings{CCEPETS,
  author    = {Min Wen and
               Ufuk Topcu},
  bibsource = {dblp computer science bibliography, https://dblp.org},
  biburl    = {https://dblp.org/rec/conf/nips/WenT18.bib},
  booktitle = {Advances in Neural Information Processing Systems 31: Annual Conference
               on Neural Information Processing Systems 2018, NeurIPS 2018, December
               3-8, 2018, Montr{\'{e}}al, Canada},
  editor    = {Samy Bengio and
               Hanna M. Wallach and
               Hugo Larochelle and
               Kristen Grauman and
               Nicol{\`{o}} Cesa{-}Bianchi and
               Roman Garnett},
  pages     = {7461--7471},
  timestamp = {Thu, 21 Jan 2021 00:00:00 +0100},
  title     = {Constrained Cross-Entropy Method for Safe Reinforcement Learning},
  url       = {https://proceedings.neurips.cc/paper/2018/hash/34ffeb359a192eb8174b6854643cc046-Abstract.html},
  year      = {2018}
}

@article{Trustworthy,
  author   = {Xiangkun He and Wenhui Huang and Chen Lv},
  doi      = {https://doi.org/10.1016/j.eng.2023.10.005},
  issn     = {2095-8099},
  journal  = {Engineering},
  keywords = {Autonomous vehicle, Decision-making, Reinforcement learning, Adversarial attack, Safety guarantee},
  pages    = {77-89},
  title    = {Toward Trustworthy Decision-Making for Autonomous Vehicles: A Robust Reinforcement Learning Approach with Safety Guarantees},
  url      = {https://www.sciencedirect.com/science/article/pii/S2095809923004708},
  volume   = {33},
  year     = {2024}
}

@inproceedings{he2023autocost,
  author    = {He, Tairan and Zhao, Weiye and Liu, Changliu},
  booktitle = {Proceedings of the AAAI Conference on Artificial Intelligence},
  number    = {12},
  pages     = {14847--14855},
  title     = {Autocost: Evolving intrinsic cost for zero-violation reinforcement learning},
  volume    = {37},
  year      = {2023}
}

@article{liu2020constrained,
  author  = {Liu, Zuxin and Zhou, Hongyi and Chen, Baiming and Zhong, Sicheng and Hebert, Martial and Zhao, Ding},
  journal = {ArXiv preprint},
  title   = {Constrained model-based reinforcement learning with robust cross-entropy method},
  url     = {https://arxiv.org/abs/2010.07968},
  volume  = {abs/2010.07968},
  year    = {2020}
}

@article{Wabersich_2022,
  author    = {Wabersich, Henk J. and Hewing, Lukas and Carron, Andrea and Zeilinger, Melanie N.},
  doi       = {10.1109/tac.2021.3049335},
  issn      = {2334-3303},
  journal   = {IEEE Transactions on Automatic Control},
  number    = {1},
  pages     = {176‚Äì188},
  publisher = {Institute of Electrical and Electronics Engineers (IEEE)},
  title     = {Probabilistic Model Predictive Safety Certification for Learning-Based Control},
  url       = {http://dx.doi.org/10.1109/tac.2021.3049335},
  volume    = {67},
  year      = {2022}
}

@inproceedings{zhang2020first,
  author    = {Yiming Zhang and
               Quan Vuong and
               Keith W. Ross},
  bibsource = {dblp computer science bibliography, https://dblp.org},
  biburl    = {https://dblp.org/rec/conf/nips/0010VR20.bib},
  booktitle = {Advances in Neural Information Processing Systems 33: Annual Conference
               on Neural Information Processing Systems 2020, NeurIPS 2020, December
               6-12, 2020, virtual},
  editor    = {Hugo Larochelle and
               Marc'Aurelio Ranzato and
               Raia Hadsell and
               Maria{-}Florina Balcan and
               Hsuan{-}Tien Lin},
  timestamp = {Tue, 19 Jan 2021 00:00:00 +0100},
  title     = {First Order Constrained Optimization in Policy Space},
  url       = {https://proceedings.neurips.cc/paper/2020/hash/af5d5ef24881f3c3049a7b9bfe74d58b-Abstract.html},
  year      = {2020}
}

@article{lagrangian,
  author    = {Altman, Eitan},
  journal   = {Mathematical methods of operations research},
  pages     = {387--417},
  publisher = {Springer},
  title     = {Constrained Markov decision processes with total cost criteria: Lagrangian approach and dual linear program},
  volume    = {48},
  year      = {1998}
}

@book{Primal_Dual_Optimization,
  author    = {Rockafellar, R Tyrrell},
  publisher = {SIAM},
  title     = {Conjugate duality and optimization},
  year      = {1974}
}

@inproceedings{stooke2020responsive,
  author    = {Adam Stooke and
               Joshua Achiam and
               Pieter Abbeel},
  bibsource = {dblp computer science bibliography, https://dblp.org},
  biburl    = {https://dblp.org/rec/conf/icml/StookeAA20.bib},
  booktitle = {Proceedings of the 37th International Conference on Machine Learning,
               {ICML} 2020, 13-18 July 2020, Virtual Event},
  pages     = {9133--9143},
  publisher = {{PMLR}},
  series    = {Proceedings of Machine Learning Research},
  timestamp = {Tue, 15 Dec 2020 00:00:00 +0100},
  title     = {Responsive Safety in Reinforcement Learning by {PID} Lagrangian Methods},
  url       = {http://proceedings.mlr.press/v119/stooke20a.html},
  volume    = {119},
  year      = {2020}
}

@article{ha2018world,
  author  = {Ha, David and Schmidhuber, J{\"u}rgen},
  journal = {ArXiv preprint},
  title   = {World models},
  url     = {https://arxiv.org/abs/1803.10122},
  volume  = {abs/1803.10122},
  year    = {2018}
}

@inproceedings{RSSM,
  author    = {Danijar Hafner and
               Timothy P. Lillicrap and
               Ian Fischer and
               Ruben Villegas and
               David Ha and
               Honglak Lee and
               James Davidson},
  bibsource = {dblp computer science bibliography, https://dblp.org},
  biburl    = {https://dblp.org/rec/conf/icml/HafnerLFVHLD19.bib},
  booktitle = {Proceedings of the 36th International Conference on Machine Learning,
               {ICML} 2019, 9-15 June 2019, Long Beach, California, {USA}},
  editor    = {Kamalika Chaudhuri and
               Ruslan Salakhutdinov},
  pages     = {2555--2565},
  publisher = {{PMLR}},
  series    = {Proceedings of Machine Learning Research},
  timestamp = {Tue, 11 Jun 2019 01:00:00 +0200},
  title     = {Learning Latent Dynamics for Planning from Pixels},
  url       = {http://proceedings.mlr.press/v97/hafner19a.html},
  volume    = {97},
  year      = {2019}
}

@inproceedings{dreamer,
  author    = {Danijar Hafner and
               Timothy P. Lillicrap and
               Jimmy Ba and
               Mohammad Norouzi},
  bibsource = {dblp computer science bibliography, https://dblp.org},
  biburl    = {https://dblp.org/rec/conf/iclr/HafnerLB020.bib},
  booktitle = {8th International Conference on Learning Representations, {ICLR} 2020,
               Addis Ababa, Ethiopia, April 26-30, 2020},
  publisher = {OpenReview.net},
  timestamp = {Thu, 07 May 2020 01:00:00 +0200},
  title     = {Dream to Control: Learning Behaviors by Latent Imagination},
  url       = {https://openreview.net/forum?id=S1lOTC4tDS},
  year      = {2020}
}

@article{dreamerv2,
  author  = {Hafner, Danijar and Lillicrap, Timothy and Norouzi, Mohammad and Ba, Jimmy},
  journal = {ArXiv preprint},
  title   = {Mastering atari with discrete world models},
  url     = {https://arxiv.org/abs/2010.02193},
  volume  = {abs/2010.02193},
  year    = {2020}
}

@inproceedings{CCEM,
  author       = {Kotb, Mostafa and Weber, Cornelius and Wermter, Stefan},
  booktitle    = {2023 IEEE/RSJ International Conference on Intelligent Robots and Systems (IROS)},
  organization = {IEEE},
  pages        = {9456--9463},
  title        = {Sample-efficient real-time planning with curiosity cross-entropy method and contrastive learning},
  year         = {2023}
}

@article{gao2024enhance,
  author    = {Gao, Zeyu and Mu, Yao and Chen, Chen and Duan, Jingliang and Luo, Ping and Lu, Yanfeng and Li, Shengbo Eben},
  journal   = {IEEE Transactions on Intelligent Transportation Systems},
  publisher = {IEEE},
  title     = {Enhance sample efficiency and robustness of end-to-end urban autonomous driving via semantic masked world model},
  year      = {2024}
}
@inproceedings{wang2024drive,
  author    = {Wang, Tsun-Hsuan and Maalouf, Alaa and Xiao, Wei and Ban, Yutong and Amini, Alexander and Rosman, Guy and Karaman, Sertac and Rus, Daniela},
  booktitle = {2024 IEEE International Conference on Robotics and Automation (ICRA)},
  title     = {Drive Anywhere: Generalizable End-to-end Autonomous Driving with Multi-modal Foundation Models},
  year      = {2024},
  volume    = {},
  number    = {},
  pages     = {6687-6694},
  keywords  = {Training;Deep learning;Adaptation models;Visualization;Debugging;Feature extraction;Transformers},
  doi       = {10.1109/ICRA57147.2024.10611590}
}
@article{noaeen2022reinforcement,
  title     = {Reinforcement learning in urban network traffic signal control: A systematic literature review},
  author    = {Noaeen, Mohammad and Naik, Atharva and Goodman, Liana and Crebo, Jared and Abrar, Taimoor and Abad, Zahra Shakeri Hossein and Bazzan, Ana LC and Far, Behrouz},
  journal   = {Expert Systems with Applications},
  volume    = {199},
  pages     = {116830},
  year      = {2022},
  publisher = {Elsevier}
}
@article{NDE,
  title     = {Learning naturalistic driving environment with statistical realism},
  author    = {Yan, Xintao and Zou, Zhengxia and Feng, Shuo and Zhu, Haojie and Sun, Haowei and Liu, Henry X},
  journal   = {Nature communications},
  volume    = {14},
  number    = {1},
  pages     = {2037},
  year      = {2023},
  publisher = {Nature Publishing Group UK London}
}
@article{bsy,
  author  = {Stander, Nielen and Craig, Kenneth},
  year    = {2002},
  month   = {06},
  pages   = {},
  title   = {On the robustness of a simple domain reduction scheme for simulation-based optimization},
  volume  = {19},
  journal = {International Journal for Computer-Aided Engineering and Software (Eng. Comput.)},
  doi     = {10.1108/02644400210430190}
}
@article{pymoo,
  author  = {J. {Blank} and K. {Deb}},
  journal = {IEEE Access},
  title   = {pymoo: Multi-Objective Optimization in Python},
  year    = {2020},
  volume  = {8},
  number  = {},
  pages   = {89497-89509}
}
@article{AD4CHE,
  author   = {Zhang, Yuxin and Wang, Cheng and Yu, Ruilin and Wang, Luyao and Quan, Wei and Gao, Yang and Li, Pengfei},
  journal  = {IEEE Transactions on Intelligent Vehicles},
  title    = {The AD4CHE Dataset and Its Application in Typical Congestion Scenarios of Traffic Jam Pilot Systems},
  year     = {2023},
  volume   = {8},
  number   = {5},
  pages    = {3312-3323},
  keywords = {Vehicles;Trajectory;Drones;Testing;Behavioral sciences;Accidents;Safety;Aerial dataset;autonomous driving;chinese highways and expressways;congestion scenarios;driver behavior;scenario-based testing},
  doi      = {10.1109/TIV.2023.3260902}
}
@inproceedings{SUMO2018,
  title     = {Microscopic Traffic Simulation using SUMO},
  author    = {Pablo Alvarez Lopez and Michael Behrisch and Laura Bieker-Walz and Jakob Erdmann and Yun-Pang Fl{\"o}tter{\"o}d and Robert Hilbrich and Leonhard L{\"u}cken and Johannes Rummel and Peter Wagner and Evamarie Wie{\ss}ner},
  publisher = {IEEE},
  booktitle = {The 21st IEEE International Conference on Intelligent Transportation Systems},
  year      = {2018},
  journal   = {IEEE Intelligent Transportation Systems Conference (ITSC)},
  keywords  = {traffic simulation, modelling, optimization},
  url       = {https://elib.dlr.de/124092/}
}
@inproceedings{pso,
  title        = {Particle swarm optimization},
  author       = {Kennedy, James and Eberhart, Russell},
  booktitle    = {Proceedings of ICNN'95-international conference on neural networks},
  volume       = {4},
  pages        = {1942--1948},
  year         = {1995},
  organization = {ieee}
}
@article{bayesian,
  title   = {Practical bayesian optimization of machine learning algorithms},
  author  = {Snoek, Jasper and Larochelle, Hugo and Adams, Ryan P},
  journal = {Advances in neural information processing systems},
  volume  = {25},
  year    = {2012}
}
@article{NSGA3,
  title     = {An evolutionary many-objective optimization algorithm using reference-point-based nondominated sorting approach, part I: solving problems with box constraints},
  author    = {Deb, Kalyanmoy and Jain, Himanshu},
  journal   = {IEEE transactions on evolutionary computation},
  volume    = {18},
  number    = {4},
  pages     = {577--601},
  year      = {2013},
  publisher = {IEEE}
}
@inproceedings{AGE2,
  title     = {An improved Pareto front modeling algorithm for large-scale many-objective optimization},
  author    = {Panichella, Annibale},
  booktitle = {Proceedings of the Genetic and Evolutionary Computation Conference},
  pages     = {565--573},
  year      = {2022}
}
@inproceedings{MPPI,
  title        = {Aggressive driving with model predictive path integral control},
  author       = {Williams, Grady and Drews, Paul and Goldfain, Brian and Rehg, James M and Theodorou, Evangelos A},
  booktitle    = {2016 IEEE International Conference on Robotics and Automation (ICRA)},
  pages        = {1433--1440},
  year         = {2016},
  organization = {IEEE}
}
@article{liu2024learning,
  title     = {Learning from Trajectories: How Heterogeneous CACC Platoons Affect the Traffic Flow in Highway Merging Area},
  author    = {Liu, Qingchao and Gao, Chengzhi and Wang, Hai and Cai, Yingfeng and Chen, Long and Lv, Chen},
  journal   = {IEEE Transactions on Vehicular Technology},
  year      = {2024},
  publisher = {IEEE}
}
@article{liu2024real,
  title   = {Real-Time LNG Buses Emissions Prediction Based on a Temporal Fusion Trans-Formers Model.},
  author  = {Liu, QC and Gao, FX and Zhao, JY and Cai, YF and Chen, L and Lv, Chen},
  journal = {Journal of Environmental Informatics},
  volume  = {44},
  number  = {1},
  year    = {2024}
}
@article{liu2024studying,
  title     = {Studying the predictability of crash risk caused by manual takeover of autonomous vehicles in mixed traffic flow},
  author    = {Liu, Qingchao and Yu, Ruohan and Cai, Yingfeng and Chen, Long},
  journal   = {Transportation Letters},
  volume    = {16},
  number    = {10},
  pages     = {1205--1223},
  year      = {2024},
  publisher = {Taylor \& Francis}
}
@article{liu2022exploring,
  title     = {Exploring the impact of the takeover time for conditionally automated driving vehicles on traffic flow in highway merging area},
  author    = {Liu, Qingchao and Liu, Jiaqi and Cai, Yingfeng and Chen, Long},
  journal   = {IEEE transactions on intelligent transportation systems},
  volume    = {23},
  number    = {12},
  pages     = {24753--24764},
  year      = {2022},
  publisher = {IEEE}
}
@article{liu2022transfer,
  title     = {Transfer learning-based highway crash risk evaluation considering manifold characteristics of traffic flow},
  author    = {Liu, Qingchao and Li, Chun and Jiang, Haobin and Nie, Shiqi and Chen, Long},
  journal   = {Accident Analysis \& Prevention},
  volume    = {168},
  pages     = {106598},
  year      = {2022},
  publisher = {Elsevier}
}
@article{gao2024spatial,
  title     = {A Spatial--Temporal Predictive Transformer Network for Level-3 Autonomous Vehicle Decision-Making},
  author    = {Gao, Hongbo and Zheng, Xiao and Liu, Qingchao and Zhou, Lin and Huang, Chao and Hu, Mingmao and Wang, Chengbo and Li, Keqiang and Wang, Danwei and Li, Deyi},
  journal   = {IEEE Transactions on Neural Networks and Learning Systems},
  year      = {2024},
  publisher = {IEEE}
}
@article{nuplan,
  title   = {nuplan: A closed-loop ml-based planning benchmark for autonomous vehicles},
  author  = {Caesar, Holger and Kabzan, Juraj and Tan, Kok Seang and Fong, Whye Kit and Wolff, Eric and Lang, Alex and Fletcher, Luke and Beijbom, Oscar and Omari, Sammy},
  journal = {arXiv preprint arXiv:2106.11810},
  year    = {2021}
}

@article{EIDM,
  title   = {Extending the Intelligent Driver Model in SUMO and Verifying the Drive Off Trajectories with Aerial Measurements},
  volume  = {1},
  url     = {https://www.tib-op.org/ojs/index.php/scp/article/view/95},
  doi     = {10.52825/scp.v1i.95},
  journal = {SUMO Conference Proceedings},
  author  = {Salles, Dominik and Kaufmann, Stefan and Reuss, Hans-Christian},
  year    = {2022},
  month   = {Jul.},
  pages   = {1‚Äì25}
}